@inbook{spriggs2010,
author = {Spriggs, Matthew},
year = {2010},
month = {01},
pages = {113-140},
title = {I was so much older then, I'm younger than that now: why the dates keep changing for the spread of Austronesian languages}
}

@article{BDSKY,
  title={Birth--death skyline plot reveals temporal changes of epidemic spread in {H}{I}{V} and hepatitis {C} virus ({H}{C}{V})},
  author={Stadler, Tanja and K{\"u}hnert, Denise and Bonhoeffer, Sebastian and Drummond, Alexei J},
  journal={Proceedings of the National Academy of Sciences},
  volume={110},
  number={1},
  pages={228--233},
  year={2013},
  publisher={National Acad Sciences}
}

@article{beast,
        Author = {Bouckaert, Remco R. and Heled, Joseph and K{\"u}hnert, Denise and Vaughan, Tim and Wu, Chieh-Hsi and Xie, Dong and Suchard, Marc A and Rambaut , Andrew and Drummond, A
lexei J},
        Date-Added = {2014-05-21 03:24:22 +0000},
        Date-Modified = {2015-07-02 08:20:30 +0000},
        Doi = {10.1371/journal.pcbi.1003537},
        Journal = {PLoS Comput Biol},
        Journal-Full = {PLoS computational biology},
        Month = {Apr},
        Number = {4},
        Pages = {e1003537},
        Pmc = {PMC3985171},
        Pmid = {24722319},
        Pst = {epublish},
        Title = {{BEAST 2}: a software platform for {B}ayesian evolutionary analysis},
        Volume = {10},
        Year = {2014},
        Bdsk-Url-1 = {http://dx.doi.org/10.1371/journal.pcbi.1003537}
}

@Article{Wilmshurst2010,
  author    = {Janet M. Wilmshurst and Terry L. Hunt and Carl P. Lipo and Atholl J. Anderson},
  title     = {High-precision radiocarbon dating shows recent and rapid initial human colonization of East Polynesia},
  journal   = {Proceedings of the National Academy of Sciences},
  year      = {2010},
  volume    = {108},
  number    = {5},
  pages     = {1815--1820},
  month     = {dec},
  doi       = {10.1073/pnas.1015876108},
  publisher = {Proceedings of the National Academy of Sciences},
}

@Article{SA,
  author    = {Alexandra Gavryushkina and David Welch and Tanja Stadler and Alexei J. Drummond},
  title     = {Bayesian Inference of Sampled Ancestor Trees for Epidemiology and Fossil Calibration},
  journal   = {{PLoS} Computational Biology},
  year      = {2014},
  volume    = {10},
  number    = {12},
  pages     = {e1003919},
  month     = {dec},
  doi       = {10.1371/journal.pcbi.1003919},
  editor    = {Katia Koelle},
  publisher = {Public Library of Science ({PLoS})},
}

@Misc{Glottolog,
  author       = {Hammarstr√∂m, Harald and Forkel, Robert and Haspelmath, Martin},
  title        = {Glottolog 3.3},
  howpublished = {(Available online at http://glottolog.org, Accessed on 2018-10-12.)},
  year         = {2018},
  doi          = {10.5281/zenodo.1321024},
  keywords     = {linguistics},
  publisher    = {Jena: Max Planck Institute for the Science of Human History},
}

@Article{Chang2015,
  author    = {Will Chang and Chundra Cathcart and David Hall and Andrew Garrett},
  title     = {Ancestry-constrained phylogenetic analysis supports the Indo-European steppe hypothesis},
  journal   = {Language},
  year      = {2015},
  volume    = {91},
  number    = {1},
  pages     = {194--244},
  doi       = {10.1353/lan.2015.0005},
  publisher = {Johns Hopkins University Press},
}

@Article{Bouckaert2012,
  author    = {R. Bouckaert and P. Lemey and M. Dunn and S. J. Greenhill and A. V. Alekseyenko and A. J. Drummond and R. D. Gray and M. A. Suchard and Q. D. Atkinson},
  title     = {Mapping the Origins and Expansion of the Indo-European Language Family},
  journal   = {Science},
  year      = {2012},
  volume    = {337},
  number    = {6097},
  pages     = {957--960},
  month     = {aug},
  doi       = {10.1126/science.1219669},
  publisher = {American Association for the Advancement of Science ({AAAS})},
}

@Article{Gray2009,
  author    = {R. D. Gray and A. J. Drummond and S. J. Greenhill},
  title     = {Language Phylogenies Reveal Expansion Pulses and Pauses in Pacific Settlement},
  journal   = {Science},
  year      = {2009},
  volume    = {323},
  number    = {5913},
  pages     = {479--483},
  month     = {jan},
  doi       = {10.1126/science.1166858},
  publisher = {American Association for the Advancement of Science ({AAAS})},
}

