%% This BibTeX bibliography file was created using BibDesk.
%% http://bibdesk.sourceforge.net/


%% Created for Rasmussen  David Alan at 2016-06-24 13:39:34 +0200 


%% Saved with string encoding Unicode (UTF-8) 



@book{BEAST2book2014,
	Author = {Alexei J. Drummond and Remco R. Bouckaert},
	Date-Added = {2016-06-23 12:23:07 +0000},
	Date-Modified = {2016-06-23 12:23:07 +0000},
	Publisher = {Cambridge University Press},
	Title = {Bayesian evolutionary analysis with {BEAST} 2},
	Year = {2014}}

@article{bouckaert2015bmodeltest,
	Author = {Remco R. Bouckaert and Alexei J. Drummond},
	Date-Added = {2016-06-23 12:16:09 +0000},
	Date-Modified = {2016-06-24 11:39:27 +0000},
	Journal = {bioRxiv},
	Pages = {020792},
	Publisher = {Cold Spring Harbor Labs Journals},
	Title = {{bModelTest: Bayesian site model selection for nucleotide data}},
	Year = {2015}}
