@MISC{cdc2009,
  author = {CDC},
  publisher = {Centers for Disease Control and Prevention},
  title = {The 2009 H1N1 Pandemic: Summary Highlights, April 2009--April 2010},
  url = {http://http://www.cdc.gov/h1n1flu/cdcresponse.htm},
  year = {2009/2010}
}

@ARTICLE{drummond06,
  author = {A. J. Drummond and S. Y. Ho and M. J. Phillips and A. Rambaut},
  title = {Relaxed phylogenetics and dating with confidence},
  journal = {PLoS Biology},
  year = {2006},
  volume = {4},
  pages = {e88}
}

@ARTICLE{drummond07,
  author = {A. J. Drummond and A. Rambaut},
  title = {{BEAST}: {B}ayesian evolutionary analysis by sampling trees},
  journal = {BMC Evolutionary Biology},
  year = {2007},
  volume = {7},
  pages = {214}
}

@ARTICLE{Bouckaert2014,
  author = {Bouckaert, Remco and Heled, Joseph and K{\"u}hnert, Denise and Vaughan,
	Tim and Wu, Chieh-Hsi and Xie, Dong and Suchard, Marc A and Rambaut,
	Andrew and Drummond, Alexei J},
  title = {BEAST 2: A Software Platform for {B}ayesian Evolutionary Analysis},
  journal = {PLoS computational biology},
  year = {2014},
  volume = {10},
  pages = {e1003537},
  number = {4}
}

@ARTICLE{Stadler2013,
  author = {Stadler, Tanja and K\"{u}hnert, Denise and Bonhoeffer, Sebastian
	and Drummond, Alexei J.},
  title = {Birth--death skyline plot reveals temporal changes of epidemic spread
	in {HIV} and hepatitis {C} virus ({HCV})},
  journal = {Proceedings of the National Academy of Sciences},
  year = {2013},
  volume = {110},
  pages = {228-233},
  number = {1}
}

@ARTICLE{drummond10,
  author = {A. J. Drummond and M. A. Suchard},
  title = {Bayesian random local clocks, or one rate to rule them all},
  journal = {BMC Biology},
  year = {2010},
  volume = {8},
  pages = {114}
}

@book{kawaoka2006,
  title={Influenza virology: current topics},
  author={Kawaoka, Yoshihiro},
  year={2006},
  publisher={Horizon Scientific Press}
}

@article{jenkins2002,
  title={Rates of molecular evolution in RNA viruses: a quantitative phylogenetic analysis},
  author={Jenkins, Gareth M and Rambaut, Andrew and Pybus, Oliver G and Holmes, Edward C},
  journal={Journal of molecular evolution},
  volume={54},
  number={2},
  pages={156--165},
  year={2002},
  publisher={Springer}
}

@BOOK{BEAST2book2014,
  title = {Bayesian evolutionary analysis with {BEAST} 2},
  publisher = {Cambridge University Press},
  year = {2014},
  author = {Alexei J. Drummond and Remco R. Bouckaert}
}

@article{Bouckaert2019,
  title = {BEAST 2.5: An advanced software platform for Bayesian evolutionary analysis},
  volume = {15},
  number = {4},
  journal = {PLOS Computational Biology},
  author = {Bouckaert, Remco and Vaughan, Timothy G. and Barido-Sottani, Joëlle and Duchêne, Sebastián and Fourment, Mathieu and Gavryushkina, Alexandra and Heled, Joseph and Jones, Graham and Kühnert, Denise and Maio, Nicola De and Matschiner, Michael and Mendes, Fábio K. and Müller, Nicola F. and Ogilvie, Huw A. and Plessis, Louis du and Popinga, Alex and Rambaut, Andrew and Rasmussen, David and Siveroni, Igor and Suchard, Marc A. and Wu, Chieh-Hsi and Xie, Dong and Zhang, Chi and Stadler, Tanja and Drummond, Alexei J.},
  year = {2019}
}