@article{Bouckaert2014,
author = {Bouckaert, Remco and Heled, Joseph and K{\"{u}}hnert, Denise and Vaughan, Tim and Wu, Chieh-Hsi and Xie, Dong and Suchard, Marc A and Rambaut, Andrew and Drummond, Alexei J},
doi = {10.1371/journal.pcbi.1003537},
issn = {1553-7358},
journal = {PLoS computational biology},
number = {4},
pages = {e1003537},
pmid = {24722319},
publisher = {Public Library of Science},
title = {BEAST 2: a software platform for Bayesian evolutionary analysis.},
url = {http://journals.plos.org/ploscompbiol/article?id=10.1371/journal.pcbi.1003537},
volume = {10},
year = {2014}
}

@BOOK{BEAST2book2014,
  title = {Bayesian evolutionary analysis with {BEAST} 2},
  publisher = {Cambridge University Press},
  year = {2014},
  author = {Alexei J. Drummond and Remco R. Bouckaert}
}

@article{pamilo88,
  title={Relationships between gene trees and species trees.},
  author={Pamilo, Pekka and Nei, Masatoshi},
  journal={Molecular Biology and Evolution},
  volume={5},
  number={5},
  pages={568--583},
  year={1988},
  publisher={SMBE}
}

@article{Bryant2012,
  author = {Bryant, David and Bouckaert, Remco and Felsenstein, Joseph and Rosenberg, Noah A and RoyChoudhury, Arindam},
  title = {{Inferring species trees directly from biallelic genetic markers: bypassing gene trees in a full coalescent analysis.}},
  journal = {Molecular Biology and Evolution},
  year = {2012},
  volume = {29},
  number = {8},
  pages = {1917--1932},
  month = aug
}

@article{maddison97,
  title={Gene trees in species trees},
  author={Maddison, Wayne P},
  journal={Systematic Biology},
  volume={46},
  number={3},
  pages={523--536},
  year={1997},
  publisher={Oxford University Press}
}

@article{Fujita2012,
  title={Coalescent-based species delimitation in an integrative taxonomy},
  author={Fujita, Matthew K and Leache, Adam D and Burbrink, Frank T and McGuire, Jimmy A and Moritz, Craig},
  journal={Trends in Ecology \& Evolution},
  volume={27},
  number={9},
  pages={480--488},
  year={2012},
  publisher={Elsevier}
}

@article{heled10,
  title={Bayesian inference of species trees from multilocus data},
  author={Heled, Joseph and Drummond, Alexei J},
  journal={Molecular Biology and Evolution},
  volume={27},
  number={3},
  pages={570--580},
  year={2010},
  publisher={SMBE}
}

@article{leache14,
  title={Species delimitation using genome-wide {SNP} data},
  author={Leach{\'e}, Adam D and Fujita, Matthew K and Minin, Vladimir N and Bouckaert, Remco},
  journal={Systematic Biology},
  volume={63},
  number={},
  pages={534--542},
  year={2014},
  publisher={Oxford University Press}
}

@article{rannala08,
  title={Phylogenetic inference using whole genomes},
  author={Rannala, Bruce and Yang, Ziheng},
  journal={Annual Review of Genomics and Human Genetics},
  volume={9},
  pages={217--231},
  year={2008},
  publisher={Annual Reviews}
}

@article{degnan09,
  title={Gene tree discordance, phylogenetic inference and the multispecies coalescent},
  author={Degnan, James H and Rosenberg, Noah A},
  journal={Trends in Ecology \& Evolution},
  volume={24},
  number={6},
  pages={332--340},
  year={2009},
  publisher={Elsevier}
}

@article{drummond12,
  title={Bayesian phylogenetics with {BEAU}ti and the {BEAST} 1.7},
  author={Drummond, Alexei J and Suchard, Marc A and Xie, Dong and Rambaut, Andrew},
  journal={Molecular Biology and Evolution},
  volume={29},
  number={8},
  pages={1969--1973},
  year={2012},
  publisher={SMBE}
}

@article{drummond06,
  title={Relaxed phylogenetics and dating with confidence},
  author={Drummond, Alexei J and Ho, Simon YW and Phillips, Matthew J and Rambaut, Andrew},
  journal={PLoS Biology},
  volume={4},
  number={5},
  pages={e88},
  year={2006},
  publisher={Public Library of Science}
}


@article{Grummer13,
  title={Species delimitation using {B}ayes factors: simulations and application to the \textit{{S}celoporus scalaris} species group ({S}quamata: {P}hrynosomatidae)},
  author={Grummer, Jared A and Bryson, Robert W and Reeder, Tod W},
  journal={Systematic Biology},
  volume={63},
  pages={119--133},
  year={2013},
  publisher={Oxford University Press}
}

@article{Kass95,
  title={Bayes factors},
  author={Kass, Robert E and Raftery, Adrian E},
  journal={Journal of the American Statistical Association},
  volume={90},
  number={430},
  pages={773--795},
  year={1995},
  publisher={Taylor \& Francis Group}
}

@article{baele12,
  title={Improving the accuracy of demographic and molecular clock model comparison while accommodating phylogenetic uncertainty},
  author={Baele, Guy and Lemey, Philippe and Bedford, Trevor and Rambaut, Andrew and Suchard, Marc A and Alekseyenko, Alexander V},
  journal={Molecular Biology and Evolution},
  volume={29},
  number={9},
  pages={2157--2167},
  year={2012},
  publisher={SMBE}
}
@article{edwards09,
  title={Is a new and general theory of molecular systematics emerging?},
  author={Edwards, Scott V},
  journal={Evolution},
  volume={63},
  number={1},
  pages={1--19},
  year={2009},
  publisher={Wiley Online Library}
}

@article{leache06,
  title={Phylogenetic relationships of horned lizards (\textit{Phrynosoma}) based on nuclear and mitochondrial data: Evidence for a misleading mitochondrial gene tree},
  author={Leach{\'e}, Adam D and McGuire, Jimmy A},
  journal={Molecular Phylogenetics and Evolution},
  volume={39},
  number={3},
  pages={628--644},
  year={2006},
  publisher={Elsevier}
}


@article{nieto14,
  title={A new species of horned lizard (genus \textit{Phrynosoma}) from {G}uerrero, {M}exico, with an updated multilocus phylogeny},
  author={Nieto-Montes de Oca, A and Arenas-Moreno, D and Beltr\'an-Sanchez, E and Leach\'e, AD},
  journal={Herpetologica},
  volume={70},
  number={2},
  pages={in press},
  year={2014}
}

@article{mccormack11,
  title={Calibrating divergence times on species trees versus gene trees: implications for speciation history of \textit{{A}phelocoma} jays},
  author={McCormack, John E and Heled, Joseph and Delaney, Kathleen S and Peterson, A Townsend and Knowles, L Lacey},
  journal={Evolution},
  volume={65},
  number={1},
  pages={184--202},
  year={2011},
  publisher={Wiley Online Library}
}

@article{bouckaert14,
  title={{BEAST} 2: A Software Platform for {B}ayesian Evolutionary Analysis},
  author={Bouckaert, Remco and Heled, Joseph and K{\"u}hnert, Denise and Vaughan, Tim and Wu, Chieh-Hsi and Xie, Dong and Suchard, Marc A and Rambaut, Andrew and Drummond, Alexei J},
  journal={PLOS Computational Biology},
  volume={10},
  number={4},
  pages={e1003537},
  year={2014},
  publisher={Public Library of Science}
}

@article{bouckaert2019beast,
  title={BEAST 2.5: An advanced software platform for {B}ayesian evolutionary analysis},
  author={Bouckaert, Remco and Vaughan, Timothy G and Barido-Sottani, Jo{\"e}lle and Duch{\^e}ne, Sebasti{\'a}n and Fourment, Mathieu and Gavryushkina, Alexandra and Heled, Joseph and Jones, Graham and K{\"u}hnert, Denise and De Maio, Nicola and others},
  journal={PLoS computational biology},
  volume={15},
  number={4},
  pages={e1006650},
  year={2019},
  publisher={Public Library of Science San Francisco, CA USA}
}


@article{nielsen1998,
  title={Maximum likelihood estimation of population divergence times and population phylogenies under the infinite sites model},
  author={Nielsen, Rasmus},
  journal={Theoretical Population Biology},
  volume={53},
  number={2},
  pages={143--151},
  year={1998},
  publisher={Elsevier}
}

@article{roychoudhury2008,
  title={A two-stage pruning algorithm for likelihood computation for a population tree},
  author={RoyChoudhury, Arindam and Felsenstein, Joseph and Thompson, Elizabeth A},
  journal={Genetics},
  volume={180},
  number={2},
  pages={1095--1105},
  year={2008},
  publisher={Genetics Soc America}
}

@article{stoltz2021bayesian,
  title={Bayesian inference of species trees using diffusion models},
  author={Stoltz, Marnus and Baeumer, Boris and Bouckaert, Remco and Fox, Colin and Hiscott, Gordon and Bryant, David},
  journal={Systematic Biology},
  volume={70},
  number={1},
  pages={145--161},
  year={2021},
  publisher={Oxford University Press}
}