@article{Rogers:2014ka,
author = {Rogers, Jeffrey and Gibbs, Richard A},
title = {{Comparative primate genomics: emerging patterns of genome content and dynamics}},
journal = {Nature Reviews Genetics},
year = {2014},
volume = {15},
number = {5},
pages = {347--359},
month = may
}

@article{Patterson:2006cm,
author = {Patterson, Nick and Richter, Daniel J and Gnerre, Sante and Lander, Eric S and Reich, David},
title = {{Genetic evidence for complex speciation of humans and chimpanzees}},
journal = {Nature},
year = {2006},
volume = {441},
number = {7097},
pages = {1103--1108},
month = jun
}

@article{Degnan:2009hr,
author = {Degnan, James H and Rosenberg, Noah A},
title = {{Gene tree discordance, phylogenetic inference and the multispecies coalescent}},
journal = {Trends in Ecology {\&} Evolution},
year = {2009},
volume = {24},
number = {6},
pages = {332--340},
month = jun
}

@article{Li:2016ko,
author = {Li, Gang and Davis, Brian W and Eizirik, Eduardo and Murphy, William J},
title = {{Phylogenomic evidence for ancient hybridization in the genomes of living cats (Felidae)}},
journal = {Genome Research},
year = {2016},
volume = {26},
number = {1},
pages = {1--11},
month = jan
}

@book{Drummond:2015tz,
author = {Drummond, Alexei J and Bouckaert, Remco R},
title = {{Bayesian Evolutionary Analysis with BEAST}},
publisher = {Cambridge University Press},
year = {2015},
month = aug
}

@article{Bouckaert:2014iz,
author = {Bouckaert, Remco and Heled, Joseph and K{\"u}hnert, Denise and Vaughan, Tim and Wu, Chieh-Hsi and Xie, Dong and Suchard, Marc A and Rambaut, Andrew and Drummond, Alexei J},
title = {{BEAST 2: a software platform for Bayesian evolutionary analysis}},
journal = {PLoS Computational Biology},
year = {2014},
volume = {10},
number = {4},
pages = {e1003537},
month = apr
}

@article{Rannala:2003vt,
author = {Rannala, Bruce and Yang, Ziheng},
title = {{Bayes estimation of species divergence times and ancestral population sizes using DNA sequences from multiple loci}},
journal = {Genetics},
year = {2003},
volume = {164},
number = {4},
pages = {1645--1656},
month = aug
}

@article{Heled:2010ia,
author = {Heled, Joseph and Drummond, Alexei J},
title = {{Bayesian inference of species trees from multilocus data}},
journal = {Molecular Biology and Evolution},
year = {2010},
volume = {27},
number = {3},
pages = {570--580},
month = mar
}

@article{Jones:2015jf,
author = {Jones, Graham R},
title = {{Species delimitation and phylogeny estimation under the multispecies coalescent}},
journal = {bioRxiv},
year = {2015},
doi = {10.1101/010199},
eprint = {http://biorxiv.org/content/early/2015/03/22/010199.full.pdf},
month = mar
}

@article{Rannala:2015wk,
author = {Rannala, Bruce and Yang, Ziheng},
title = {{Efficient Bayesian species tree inference under the multi-species coalescent}},
journal = {arXiv.org},
year = {2015},
eprint = {1512.03843v1},
eprinttype = {arxiv},
eprintclass = {q-bio.PE},
month = dec
}

